@article{talapko2019,
  author    = {Talapko, Jasminka and Škrlec, Ivana and Alebić, Tamara and Jukić, Melita and Včev, Aleksandar},
  title     = {Malaria: The Past and the Present},
  journal   = {Microorganisms},
  year      = {2019},
  volume    = {7},
  number    = {6},
  pages     = {179},
  doi       = {10.3390/microorganisms7060179},
}

@report{WHO2023,
  author    = {{World Health Organization}},
  title     = {World Malaria Report 2023},
  institution = {World Health Organization},
  year      = {2023},
  url       = {https://www.who.int/teams/global-malaria-programme/reports/world-malaria-report-2023},
}

@article{chua2021,
  author    = {Chua, Caroline Lin Lin and Khoo, Sebastian Kah Ming and Ong, Jun Long Ernest and Ramireddi, Gaurav Kumar and Yeo, Tsin Wen and Teo, Andrew},
  title     = {Malaria in Pregnancy: From Placental Infection to Its Abnormal Development and Damage},
  journal   = {Frontiers in Microbiology},
  year      = {2021},
  volume    = {12},
  doi       = {10.3389/fmicb.2021.777343},
}

@article{bauserman2019,
  author    = {Bauserman, M. and Conroy, A.L. and North, K. and Patterson, J. and Bose, C. and Meshnick, S.},
  title     = {An overview of malaria in pregnancy},
  journal   = {Seminars in Perinatology},
  year      = {2019},
  volume    = {43},
  number    = {5},
  pages     = {282--290},
  doi       = {10.1053/j.semperi.2019.03.018},
}

@article{kajubi2019,
  author    = {Kajubi, R. and Ochieng, T. and Kakuru, A. and et al.},
  title     = {Monthly sulfadoxine–pyrimethamine versus dihydroartemisinin–piperaquine for IPTp: a double-blind RCT},
  journal   = {The Lancet},
  year      = {2019},
  volume    = {393},
  number    = {10179},
  pages     = {1428--1439},
  doi       = {10.1016/S0140-6736(18)32224-4},
}

@article{desai2016,
  author    = {Desai, M. and Gutman, J. and Taylor, S.M. and et al.},
  title     = {Impact of SP Resistance on IPTp Effectiveness at Clearing Infections and Preventing LBW},
  journal   = {Clinical Infectious Diseases},
  year      = {2016},
  volume    = {62},
  number    = {3},
  pages     = {323--333},
  url       = {https://research.ebsco.com/linkprocessor/plink?id=b6049b8e-3005-3cd7-b740-81d1d91764bb},
}

@article{cutts2020,
  author    = {Cutts, Julia C. and Agius, Paul A. and Lin, Zaw and et al.},
  title     = {Pregnancy-specific malarial immunity and risk of malaria in pregnancy and adverse birth outcomes: a systematic review},
  journal   = {BMC Medicine},
  year      = {2020},
  volume    = {18},
  number    = {1},
  pages     = {1--21},
  doi       = {10.1186/s12916-019-1467-6},
}

@techreport{ashraf2025,
  author    = {Ashraf, Shoaib and Mezgebo, Biniyam and Shelley, Nolan and et al.},
  title     = {Machine-learning driven predictive platform (MDPP) to risk-stratify malaria in pregnancy (MiP)},
  institution = {Research Square},
  year      = {2025},
  doi       = {10.21203/rs.3.rs-6132121/v1},
}

@article{kubahoniyesu2024,
  author    = {Kubahoniyesu, T. and Kabano, I.H.},
  title     = {Predicting adverse pregnancy outcome in Rwanda using machine learning techniques},
  journal   = {PLoS ONE},
  year      = {2024},
  volume    = {19},
  number    = {12},
  pages     = {1--16},
  doi       = {10.1371/journal.pone.0312447},
}

@article{sylvain2025,
  author    = {Sylvain, M.H. and Nyabyenda, E.C. and Uwase, M. and et al.},
  title     = {Prediction of adverse pregnancy outcomes using ML: evidence from Rwanda EMR data},
  journal   = {BMC Medical Informatics \& Decision Making},
  year      = {2025},
  volume    = {25},
  number    = {1},
  pages     = {1--13},
  doi       = {10.1186/s12911-025-02921-z},
}

@article{madanitsa2023,
  author    = {Madanitsa, M. and Barsosio, H.C. and Minja, D.T.R. and et al.},
  title     = {Monthly IPTp-DP ± azithromycin vs. monthly SP on adverse pregnancy outcomes in Africa: a RCT},
  journal   = {The Lancet},
  year      = {2023},
  volume    = {401},
  number    = {10381},
  pages     = {1020--1036},
  url       = {https://research.ebsco.com/linkprocessor/plink?id=8d835354-3aa7-36a4-bb4f-bd15fbda1b0d},
}

@article{kakuru2020,
  author    = {Kakuru, A. and Jagannathan, P. and Kajubi, R. and et al.},
  title     = {Impact of IPTp-DP vs. SP on malaria incidence in infancy: a RCT},
  journal   = {BMC Medicine},
  year      = {2020},
  volume    = {18},
  number    = {1},
  pages     = {1--11},
  doi       = {10.1186/s12916-020-01675-x},
}

@manual{WHO2022malaria,
  title        = {WHO Guidelines for Malaria},
  author       = {{World Health Organization}},
  organization = {World Health Organization},
  address      = {Geneva, Switzerland},
  year         = {2022},
  month        = jun # "~3",
  url          = {https://apps.who.int/iris/bitstream/handle/10665/354781/WHO-UCN-GMP-2022.01-Rev.2-eng.pdf},
  note         = {Accessed April 25, 2025}
}

@article{kirosingh2023,
  author    = {Kirosingh, A.S. and Delmastro, A. and Kakuru, A. and et al.},
  title     = {Malaria-specific Type 1 regulatory T cells are more abundant in first pregnancies and associated with placental malaria},
  journal   = {eBioMedicine},
  year      = {2023},
  volume    = {95},
  doi       = {10.1016/j.ebiom.2023.104772},
}

@article{doritchamou2022,
  author    = {Doritchamou, J.Y.A. and et al.},
  title     = {A single full-length VAR2CSA ectodomain variant purifies broadly neutralizing antibodies against placental malaria isolates},
  journal   = {eLife},
  year      = {2022},
  volume    = {11},
  doi       = {10.7554/eLife.76264},
}
